@misc{weather_vs_climate,
	title = {Overview: {Weather}, {Global} {Warming} and {Climate} {Change}},
	url = {https://climate.nasa.gov/resources/global-warming-vs-climate-change},
	abstract = {“Climate change” and “global warming” are often used interchangeably but have distinct meanings. Similarly, the terms "weather" and "climate" are sometimes confused, though they refer to events with broadly different spatial- and timescales.},
	language = {English - US},
	urldate = {2022-04-04},
	author = {Shaftel, Holly},
	journal = {Climate Change: Vital Signs of the Planet},
	month = apr,
	year = {2021},
	file = {Snapshot:C\:\\Users\\julia\\Zotero\\storage\\TPFUBEVQ\\global-warming-vs-climate-change.html:text/html},
}

@misc{el_la_nino_nina,
	title = {How does {El} {Niño} and {La} {Niña} impact the mid-south?},
	url = {https://www.thv11.com/article/tech/science/el-nio-la-nia-science-says/91-fa20cbed-e278-4f78-aca5-56ebd8b6e71a},
	abstract = {Find out how these climate patterns can impact our weather here in the mid-South.},
	language = {English - US},
	urldate = {2022-04-04},
	author = {Corallys Ortiz},
	journal = {thv11.com},
	month = nov,
	year = {2021},
	file = {Snapshot:C\:\\Users\\julia\\Zotero\\storage\\99TBI2H2\\91-fa20cbed-e278-4f78-aca5-56ebd8b6e71a.html:text/html},
}

@misc{NOWData,
	title = {{NOWData}},
	copyright = {http://www.weather.gov/disclaimer.php},
	url = {https://www.weather.gov/climateservices/nowdatafaq},
	abstract = {Frequently Asked Questions About NOWData},
	language = {English - US},
	urldate = {2022-04-04},
	author = {US Department of Commerce, NOAA},
	year = {2020},
	file = {Snapshot:C\:\\Users\\julia\\Zotero\\storage\\WCTYVBZG\\nowdatafaq.html:text/html},
}

@misc{historic_high,
	title = {Historic highs set as state heats up},
	url = {https://www.arkansasonline.com/news/2011/aug/04/historic-highs-set-state-heats/},
	abstract = {Searing heat smothered the state in triple-digit temperatures Wednesday, breaking all-time records in Little Rock at 114 degrees, in Fort Smith at 115 and in Harrison at 112.},
	language = {English - US},
	urldate = {2022-04-04},
	author = {Kenneth Heard},
	journal = {Arkansas Online},
	month = aug,
	year = {2011},
}
